<?xml version="1.0"?>
<record xmlns="http://www.loc.gov/MARC21/slim"><leader>03839cam a2200529 i 4500</leader><controlfield tag="001">on1183349983</controlfield><controlfield tag="003">OCoLC</controlfield><controlfield tag="005">20210423132000.0</controlfield><controlfield tag="008">200810s2020    cc a   a      000 1 chi  </controlfield><datafield tag="020" ind1=" " ind2=" "><subfield code="a">9787572101014</subfield><subfield code="q">(hardcover)</subfield></datafield><datafield tag="020" ind1=" " ind2=" "><subfield code="a">7572101011</subfield><subfield code="q">(hardcover)</subfield></datafield><datafield tag="035" ind1=" " ind2=" "><subfield code="a">(OCoLC)1183349983</subfield></datafield><datafield tag="040" ind1=" " ind2=" "><subfield code="a">SINLB</subfield><subfield code="b">eng</subfield><subfield code="e">rda</subfield><subfield code="c">SINLB</subfield><subfield code="d">OCLCO</subfield><subfield code="d">SINLB</subfield><subfield code="d">JQW</subfield><subfield code="d">OCLCF</subfield><subfield code="d">OCLCO</subfield><subfield code="d">OTP</subfield><subfield code="d">HCO</subfield></datafield><datafield tag="049" ind1=" " ind2=" "><subfield code="a">HCOA</subfield></datafield><datafield tag="066" ind1=" " ind2=" "><subfield code="c">$1</subfield><subfield code="c">Zsym</subfield></datafield><datafield tag="099" ind1=" " ind2=" "><subfield code="b">LIU</subfield></datafield><datafield tag="100" ind1="1" ind2=" "><subfield code="6">880-01</subfield><subfield code="a">Liu, Xugong,</subfield><subfield code="e">author,</subfield><subfield code="e">illustrator.</subfield></datafield><datafield tag="245" ind1="1" ind2="0"><subfield code="6">880-02</subfield><subfield code="a">Che piao qu na er le /</subfield><subfield code="c">Liu Xugong zhu hui.</subfield></datafield><datafield tag="250" ind1=" " ind2=" "><subfield code="6">880-03</subfield><subfield code="a">Di 1 ban.</subfield></datafield><datafield tag="264" ind1=" " ind2="1"><subfield code="6">880-04</subfield><subfield code="a">[Wuhan] :</subfield><subfield code="b">Chang Jiang shao nian er tong chu ban she,</subfield><subfield code="c">2020.</subfield></datafield><datafield tag="300" ind1=" " ind2=" "><subfield code="a">1 volume (unpaged) :</subfield><subfield code="b">color illustrations ;</subfield><subfield code="c">22 x 29 cm.</subfield></datafield><datafield tag="336" ind1=" " ind2=" "><subfield code="a">text</subfield><subfield code="b">txt</subfield><subfield code="2">rdacontent</subfield></datafield><datafield tag="336" ind1=" " ind2=" "><subfield code="a">still image</subfield><subfield code="b">sti</subfield><subfield code="2">rdacontent</subfield></datafield><datafield tag="337" ind1=" " ind2=" "><subfield code="a">unmediated</subfield><subfield code="b">n</subfield><subfield code="2">rdamedia</subfield></datafield><datafield tag="338" ind1=" " ind2=" "><subfield code="a">volume</subfield><subfield code="b">nc</subfield><subfield code="2">rdacarrier</subfield></datafield><datafield tag="490" ind1="1" ind2=" "><subfield code="6">880-05</subfield><subfield code="a">Hai tun hui ben hua yuan =</subfield><subfield code="a">Dolphinmedia picture book garden ;</subfield><subfield code="v">585</subfield></datafield><datafield tag="520" ind1=" " ind2=" "><subfield code="6">880-06</subfield><subfield code="a">"The bus is about to take off as the bus driver asked the passengers to show their tickets. Suddenly, a gust of wind blows off everyone's tickets. The driver decided that he must retrieve everyone's tickets."--Bookswindows.com.</subfield></datafield><datafield tag="546" ind1=" " ind2=" "><subfield code="a">Text in simplified Chinese.</subfield></datafield><datafield tag="650" ind1=" " ind2="0"><subfield code="a">Bus drivers</subfield><subfield code="v">Juvenile fiction.</subfield></datafield><datafield tag="650" ind1=" " ind2="0"><subfield code="a">Bus occupants</subfield><subfield code="v">Juvenile fiction.</subfield></datafield><datafield tag="655" ind1=" " ind2="7"><subfield code="a">Chinese language materials.</subfield><subfield code="2">lcshac</subfield></datafield><datafield tag="830" ind1=" " ind2="0"><subfield code="6">880-07</subfield><subfield code="a">Hai tun hui ben hua yuan ;</subfield><subfield code="v">585.</subfield></datafield><datafield tag="880" ind1="1" ind2=" "><subfield code="6">100-01/$1</subfield><subfield code="a">&#x5218;&#x65ED;&#x606D;,</subfield><subfield code="e">author,</subfield><subfield code="e">illustrator.</subfield></datafield><datafield tag="880" ind1="1" ind2="0"><subfield code="6">245-02/$1</subfield><subfield code="a">&#x8F66;&#x7968;&#x53BB;&#x54EA;&#x513F;&#x4E86; /</subfield><subfield code="c">&#x5218;&#x65ED;&#x606D;&#x8457;&#x7ED8;.</subfield></datafield><datafield tag="880" ind1=" " ind2=" "><subfield code="6">250-03/$1</subfield><subfield code="a">&#x7B2C;1&#x7248;.</subfield></datafield><datafield tag="880" ind1=" " ind2="1"><subfield code="6">264-04/$1</subfield><subfield code="a">[&#x6B66;&#x6C49;] :</subfield><subfield code="b">&#x957F;&#x6C5F;&#x5C11;&#x5E74;&#x513F;&#x7AE5;&#x51FA;&#x7248;&#x793E;,</subfield><subfield code="c">2020.</subfield></datafield><datafield tag="880" ind1="1" ind2=" "><subfield code="6">490-05/$1</subfield><subfield code="a">&#x6D77;&#x8C5A;&#x7ED8;&#x672C;&#x82B1;&#x56ED; =</subfield><subfield code="a">Dolphinmedia picture book garden ;</subfield><subfield code="v">585</subfield></datafield><datafield tag="880" ind1=" " ind2=" "><subfield code="6">520-06/$1</subfield><subfield code="a"></subfield></datafield><datafield tag="880" ind1=" " ind2=" "><subfield code="6">500-00/$1</subfield><subfield code="a">"&#x672C;&#x4E66;&#x8363;&#x83B7;2018&#x5E74;&#x91D1;&#x9F0E;&#x5956;&#x56FE;&#x4E66;&#x753B;&#x5956;"--page [4] of cover.</subfield></datafield><datafield tag="880" ind1=" " ind2=" "><subfield code="6">500-00/$1</subfield><subfield code="a">"2019&#x5E74;&#x7B2C;&#x516D;&#x5C4A;&#x4E30;&#x5B50;&#x607A;&#x513F;&#x7AE5;&#x56FE;&#x753B;&#x4E66;&#x5956;&#x4F73;&#x4F5C;&#x5956;"--page [4] of cover.</subfield></datafield><datafield tag="880" ind1=" " ind2="0"><subfield code="6">830-07/$1</subfield><subfield code="a">&#x6D77;&#x8C5A;&#x7ED8;&#x672C;&#x82B1;&#x56ED; ;</subfield><subfield code="v">585.</subfield></datafield><datafield tag="948" ind1=" " ind2=" "><subfield code="a">jac</subfield><subfield code="b">20210423</subfield><subfield code="c">HCL 4/21</subfield></datafield><datafield tag="994" ind1=" " ind2=" "><subfield code="a">C0</subfield><subfield code="b">HCO</subfield></datafield><datafield tag="949" ind1=" " ind2=" "><subfield code="b">31972208755424</subfield><subfield code="c">epbf--c</subfield><subfield code="d">LIU</subfield><subfield code="m">ep</subfield><subfield code="n">14265091</subfield><subfield code="t">j21</subfield></datafield><datafield tag="949" ind1=" " ind2=" "><subfield code="b">31972208755440</subfield><subfield code="c">epbf--c</subfield><subfield code="d">LIU</subfield><subfield code="m">py</subfield><subfield code="n">14265093</subfield><subfield code="t">j21</subfield></datafield><datafield tag="949" ind1=" " ind2=" "><subfield code="b">31972208755457</subfield><subfield code="c">epbf--c</subfield><subfield code="d">LIU</subfield><subfield code="m">sd</subfield><subfield code="n">14265094</subfield><subfield code="t">j21</subfield></datafield><datafield tag="999" ind1=" " ind2=" "><subfield code="a">6060345</subfield></datafield></record>
